3328 4992
1069 303 1317 476 K
238 355 2452 659 aperilis ‧ ęuat septmmbrio ; Maius
248 554 2445 825 respondit atusto ; Iuniusparest nilio ;
176 720 1040 874 VI DE ANNIS
404 750 2663 1001 Annus est circuitus solis ac reditus per
564 926 2615 1154 duodecimmen  es ‧ cuius uuidem nome
570 1079 2644 1297 figurate ‧ significat one tempus itę
202 1154 2663 1405 huius sicu trisaiam dicitur praedicate annum
241 1311 2588 1535 dominui acceptubilem. Quoniam n ille quo dominus prd¬
241 1441 2673 1666 cuit solus fintcceptabiles ‧ sed et totum
238 1591 2207 1813 hoc tempus iuxta ud apostolus ceit.
254 1695 2703 1953 Ecceninc tempus acceptabile finedinique
241 1874 2390 2093 hininsamni diem nidicn adiunxit dicens
254 2018 2540 2272 praedicare annum domini et hemretribucionis
222 2145 2556 2406 Annum ecu uuasienum diciquudam putant.
244 2289 2866 2526 Id etcirculum ‧ unde e anuli dicti sun dementiue
2200 2419 2641 2526 Pluta
271 2432 2611 2667 Principiu au anni ‧ alii ab roma uipo¬
261 2566 2667 2823 spuli romani ; alii ab ęuoccio uerno
248 2732 2227 2954 ut hebrehal asolisticiougreci ;
254 2892 1773 3104 alii ab autum noutę gipcr
238 2986 2608 3260 nmni auesapientes dixer partem cibilem
258 3146 2719 3410 partem naturd em patim magnu echxer
271 3319 2745 3544 Cuilis annus euu in uniusastrirecursu
271 3478 2637 3700 per duo decemenses esterminaetur ; annus
274 3602 2588 3824 naturalis est cum sesolluna supponit.
254 3742 2615 3945 ut itr trbe solis et oculos nostros media
264 3876 2624 4130 facta ‧ tenebras tocius orbis efficiat
